@article{va1965visual
,
  title={Visual acuity},
  author={Westheimer, G},
  journal={Annual Review of Psychology},
  volume={16},
  pages={359--380},
  year={1965}
}

@book{fuchs2017virtual,
  title={Virtual Reality Headsets-A Theoretical and Pragmatic Approach},
  author={Fuchs, Philippe},
  year={2017},
  publisher={CRC Press}
}

@inproceedings{zakharchenko2016quality,
  title={Quality metric for spherical panoramic video},
  author={Zakharchenko, Vladyslav and Choi, Kwang Pyo and Park, Jeong Hoon},
  booktitle={Optics and Photonics for Information Processing X},
  volume={9970},
  pages={99700C},
  year={2016},
  organization={International Society for Optics and Photonics}
}

@inproceedings{dunn2017resolution,
  title={Resolution-defined projections for virtual reality video compression},
  author={Dunn, Charles and Knott, Brian},
  booktitle={Virtual Reality (VR), 2017 IEEE},
  pages={337--338},
  year={2017},
  organization={IEEE}
}

@article{wang2006modern,
  title={Modern image quality assessment},
  author={Wang, Zhou and Bovik, Alan C},
  journal={Synthesis Lectures on Image, Video, and Multimedia Processing},
  volume={2},
  number={1},
  pages={1--156},
  year={2006},
  publisher={Morgan \& Claypool Publishers}
}

@article{md2015full,
  title={Full-reference stereo image quality assessment using natural stereo scene statistics},
  author={Md, Sameeulla Khan and Appina, Balasubramanyam and Channappayya, Sumohana S},
  journal={IEEE Signal Processing Letters},
  volume={22},
  number={11},
  pages={1985--1989},
  year={2015},
  publisher={IEEE}
}

@article{wang2004image,
  title={Image quality assessment: from error visibility to structural similarity},
  author={Wang, Zhou and Bovik, Alan C and Sheikh, Hamid R and Simoncelli, Eero P and others},
  journal={IEEE transactions on image processing},
  volume={13},
  number={4},
  pages={600--612},
  year={2004}
}
@inproceedings{pinson:2003,
  title={Comparing subjective video quality testing methodologies},
  author={Pinson, Margaret H and Wolf, Stephen},
  booktitle={Visual Communications and Image Processing 2003},
  volume={5150},
  pages={573--583},
  year={2003},
  organization={International Society for Optics and Photonics}
}

@article{li:2019,
  title={State-of-the-art in 360$^{\circ}$ Video/Image Processing: Perception, Assessment and Compression},
  author={Li, Chen and Xu, Mai and Zhang, Shanyi and Callet, Patrick Le},
  journal={arXiv preprint arXiv:1905.00161},
  year={2019}
}
@inproceedings{duanmu:2018,
  title={Hybrid cubemap projection format for 360-degree video coding},
  author={Duanmu, Fanyi and He, Yuwen and Xiu, Xiaoyu and Hanhart, Philippe and Ye, Yan and Wang, Yao},
  booktitle={2018 Data Compression Conference},
  pages={404--404},
  year={2018},
  organization={IEEE}
}
