@inproceedings{sacht2010face,
  title={Face and straight line detection in equirectangular images},
  author={Sacht, Leonardo K and Carvalho, Paulo C and Velho, Luiz and Gattass, Marcelo},
  booktitle={Workshop de Vis{\~a}o Computacional. Presidente Prudente, SP, Brasil: FTC-UNESP},
  pages={101--106},
  year={2010}
}

@inproceedings{dunn2017resolution,
  title={Resolution-defined projections for virtual reality video compression},
  author={Dunn, Charles and Knott, Brian},
  booktitle={Virtual Reality (VR), 2017 IEEE},
  pages={337--338},
  year={2017},
  organization={IEEE}
}

@Book{knuth:84,
  author = 	 {Donald E. Knuth},
  title = 	 {The {\TeX} Book},
  publisher = 	 {Addison-Wesley},
  year = 	 {1984},
  edition = 	 {15th}
}

@InCollection{boulic:91,
  author = 	 {R. Boulic and O. Renault},
  title = 	 {3D Hierarchies for Animation},
  booktitle = 	 {New Trends in Animation and Visualization},
  publisher =    {John Wiley {\&} Sons ltd.},
  year = 	 {1991},
  editor = 	 {Nadia Magnenat-Thalmann and Daniel Thalmann}
}

@InCollection{smith:99,
  author = 	 {A. Smith and B. Jones},
  title = 	 {On the Complexity of Computing},
  booktitle = 	 {Advances in Computer Science},
  pages = 	 {555--566},
  publisher =    {Publishing Press},
  year = 	 {1999},
  editor = 	 {A. B. Smith-Jones}
}
